/ua/snandi/TexScripts/bibTex_Reference.bib